@article{ indiatimes-article,
          author = "The Times of India",
          title = "3 Idiots Movie Review",
          year = "2009" }